@article{bradley2011parallelization,
  title={Parallelization techniques for random number generations},
  author={Bradley, Thomas and du Toit, Jacques and Tong, Robert and Giles, Mike and Woodhams, Paul},
  journal={{{GPU}} Computing Gems Emerald Edition},
  volume={16},
  pages={231--246},
  year={2011},
  publisher={Elsevier}
}

@misc{arm2019writing_inline_sve,
    author={\arm},
    title={Writing inline {SVE} assembly},
    year=2019,
    day=2,
    month={May},
    url={https://developer.arm.com/tools-and-software/server-and-hpc/arm-architecture-tools/documentation/writing-inline-sve-assembly}
}

@article{lecuyer2010distribution,
    title={On the distribution of integration error by randomly-shifted lattice rules},
    author={L’Ecuyer, Pierre and Munger, David and Tuffin, Bruno},
    journal={Electronic Journal of Statistics},
    volume={4},
    pages={950--993},
    year={2010},
    publisher={The Institute of Mathematical Statistics and the {Bernoulli} Society}
}

@article{bolzano1817rein,
    title = {Pure analytic proof of the doctrine: that between every two worthy of an opposite result, at least a real root of the equation},
    author = {Bolzano, Bernard},
    year = {1817},
    note={Original German title: Rein analytischer Beweis des Lehrsatzes, da\ss{} zwischen je zwey Werthen, die ein entgegengesetzes Resultat gew\"{a}hren, wenigstens eine reelle Wurzel der Gleichung liege}
}

@article{giles2019adaptive,
    title={An Adaptive Random Bit Multilevel Algorithm for {SDEs}},
    author={Giles, Michael B. and Hefter, Mario and Mayer, Lukas and Ritter, Klaus},
    journal={arXiv preprint arXiv:1902.09984},
    year={2019}
}

@inproceedings{lecuyer2016randomized,
    title={Randomized quasi-{Monte Carlo}: An introduction for practitioners},
    author={L’Ecuyer, Pierre},
    booktitle={International Conference on {Monte Carlo} and Quasi-{Monte Carlo} Methods in Scientific Computing},
    pages={29--52},
    year={2016},
    organization={Springer}
}

@article{russ1980translation,
    title={A translation of Bolzano's paper on the intermediate value theorem},
    author={Russ, Steve B.},
    journal={Historia Mathematica},
    volume={7},
    number={2},
    pages={156--185},
    year={1980},
    publisher={Elsevier}
}

@article{keilson1974mixtures,
    author = {Julian Keilson and F. W. Steutel},
    journal = {The Annals of Probability},
    number = {1},
    pages = {112--130},
    publisher = {Institute of Mathematical Statistics},
    title = {Mixtures of Distributions, Moment Inequalities and Measures of Exponentiality and Normality},
    volume = {2},
    year = {1974}
}


@misc{stephens2014mathematical,
    author={Stephens, David A.},
    title={556: mathematical statistics \Romannum{1}},
    year=2014,
    institution={McGill University}
}

@book{heinonen2005lectures,
    title={Lectures on {Lipschitz} analysis},
    author={Heinonen, Juha},
    number={100},
    year={2005},
    publisher={University of Jyv{\"a}skyl{\"a}}
}

@article{barcenas2000fundamental,
    title={The fundamental theorem of calculus for {Lebesgue} integral},
    author={B{\'a}rcenas, Di{\'o}medes},
    journal={Divulgaciones Matem{\'a}ticas},
    volume={8},
    number={1},
    pages={75--85},
    year={2000},
    publisher={La Universidad del Zulia}
}

@article{botsko1991fundamental,
    title={A fundamental theorem of calculus that applies to all {Riemann} integrable functions},
    author={Botsko, Michael W.},
    journal={Mathematics Magazine},
    volume={64},
    number={5},
    pages={347--348},
    year={1991},
    publisher={Mathematical Association of America}
}

@book{knuth1984texbook,
    title={The \TeX book},
    author={Knuth, Donald E.},
    volume={3},
    year={1984},
    publisher={Addison-Wesley Reading},
note={Corrections known in 2017}
}

@book{doob1980gentle,
    title={A gentle introduction to \TeX},
    author={Doob, Michael},
    year={1980},
    publisher={\TeX{} {Users Group}}
}

@inproceedings{reguly2017beyond,
    title={Beyond 16{GB}: out-of-core stencil computations},
    author={Reguly, Ist{\'a}n Z. and Mudalige, Gihan R. and Giles, Michael B.},
    booktitle={Proceedings of the Workshop on Memory Centric Programming for {HPC}},
    pages={20--29},
    year={2017},
    month={October},
    day={26},
    organization={ACM}
}

@article{reguly2017loop,
    author    = {Istv{\'{a}}n Z. Reguly and
    Gihan R. Mudalige and
    Michael B. Giles},
    title     = {Loop Tiling in Large-Scale Stencil Codes at Run-time with {OPS}},
    journal   = {CoRR},
    volume    = {abs/1704.00693},
    year      = {2017},
    month = {June},
    day = {26}
}

@article{muller2015improving,
    author = {M{\"u}ller, Eike H. and Scheichl, Rob and Shardlow, Tony},
    title = {Improving multilevel {Monte Carlo} for stochastic differential equations with application to the {Langevin} equation},
    volume = {471},
    number = {2176},
    year = {2015},
    publisher = {The Royal Society},
    journal = {Proceedings of the Royal Society of {London A}: Mathematical, Physical and Engineering Sciences}
}


@article{andersen2001extended,
    title={Extended {LIBOR} market models with stochastic volatility},
    author={Andersen, Leif B.G. and Brotherton-Ratcliffe, Rupert},
    year={2001}
}

@article{giles2014antithetic,
    title={Antithetic multilevel {Monte Carlo} estimation for multi-dimensional {SDEs} without {L{\'e}vy} area simulation},
    author={Giles, Michael B. and Szpruch, Lukasz},
    journal={The Annals of Applied Probability},
    volume={24},
    number={4},
    pages={1585--1620},
    year={2014},
    publisher={Institute of Mathematical Statistics}
}

@article{krumscheid2018multilevel,
    title={Multilevel {Monte Carlo} approximation of functions},
    author={Krumscheid, Sebastian and Nobile, Fabio},
    journal={{SIAM/ASA} Journal on Uncertainty Quantification},
    volume={6},
    number={3},
    pages={1256--1293},
    year={2018},
    publisher={{SIAM}}
}

@article{haji2016multi,
    title={{Multi-index Monte Carlo}: when sparsity meets sampling},
    author={Haji-Ali, Abdul-Lateef and Nobile, Fabio and Tempone, Ra{\'u}l},
    journal={Numerische Mathematik},
    volume={132},
    number={4},
    pages={767--806},
    year={2016},
    publisher={Springer}
}

@article{collier2015continuation,
    author="Collier, Nathan
    and Haji-Ali, Abdul-Lateef
    and Nobile, Fabio
    and von Schwerin, Erik
    and Tempone, Ra{\'u}l",
    title={A continuation multilevel {Monte Carlo} algorithm},
    journal={{BIT} Numerical Mathematics},
    year="2015",
    month="June",
    day="01",
    volume="55",
    number="2",
    pages="399--432"
}



@inproceedings{tang1991table,
    title={Table-lookup algorithms for elementary functions and their error analysis},
    author={Tang, Ping Tak Peter},
    booktitle={\nth{10} {IEEE} Symposium on Computer Arithmetic, 1991 Proceedings},
    pages={232--236},
    year={1991},
    organization={IEEE}
}

@misc{ieee1985ieee,
    title={{IEEE} standard for binary floating-point arithmetic},
    author={{IEEE}},
    note={Computer Society Standards Committee. {Working} group of the Microprocessor Standards Subcommittee},
    year={1985},
    organization={Institute of Electrical and Electronic Engineers}
}

@misc{ieee2008ieee,
    title={{IEEE} standard for binary floating-point arithmetic},
    author={{IEEE}},
    note={Computer Society Standards Committee. {Working} group of the Microprocessor Standards Subcommittee},
    year={2008},
    organization={Institute of Electrical and Electronic Engineers}
}

@article{zuras2008ieee,
    title={{IEEE} standard for floating-point arithmetic},
    author={Zuras, Dan and Cowlishaw, Mike and Aiken, Alex and Applegate, Matthew and Bailey, David and Bass, Steve and Bhandarkar, Dileep and Bhat, Mahesh and Bindel, David and Boldo, Sylvie and others},
    journal={{IEEE} Std 754-2008},
    pages={1--70},
    year={2008},
    publisher={IEEE}
}

@article{bakhvalov2015approximate,
    title = "On the approximate calculation of multiple integrals",
    journal = "Journal of Complexity",
    volume = "31",
    number = "4",
    pages = "502 - 516",
    year = "2015",
    author = {Bakhvalov, Nikolai Sergeevich}
}

@book{villani2008optimal,
    title={Optimal transport: old and new},
    author={Villani, C{\'e}dric},
    volume={338},
    year={2008},
    publisher={Springer Science \& Business Media}
}

@article{parlett1965matrix,
    author = {Parlett, Beresford},
    journal = {The {American} Mathematical Monthly},
    number = {2},
    pages = {59--66},
    publisher = {Mathematical Association of {America}},
    title = {Matrix Eigenvalue Problems},
    volume = {72},
    year = {1965}
}


@misc{hildebrand1974introduction,
    title={Introduction to Numerical Analysis},
    author={Hildebrand, Francis B.},
    series={International Series in Pure and Applied Mathematics},
    year={1974},
    publisher={{McGraw-Hill, New York}}
}


@book{higham2002accuracy,
    title={Accuracy and stability of numerical algorithms},
    author={Higham, Nicholas J.},
    volume={80},
    year={2002},
    publisher={Siam},
    edition={\nth{2}}
}

@article{burgess2018high,
    title={High-Precision Anchored Accumulators for Reproducible Floating-Point Summation},
    author={Burgess, Neil and Goodyer, Chris and Hinds, Chris and Lutz, David},
    journal={{IEEE} Transactions on Computers},
    year={2018},
    publisher={{IEEE}}
}

@inproceedings{ho2017exploiting,
    author={Ho, Nhut-Minh and Wong, Weng-Fai},
    booktitle={2017 {IEEE} High Performance Extreme Computing Conference ({HPEC})}, 
    title={Exploiting half precision arithmetic in {Nvidia GPUs}}, 
    year={2017},  
    pages={1--7}, 
    month={September}
}

@incollection{kloeden2013convergence,
    title={Convergence of numerical methods for stochastic differential equations in mathematical finance},
    author={Kloeden, Peter and Neuenkirch, Andreas},
    booktitle={Recent Developments in Computational Finance: Foundations, Algorithms and Applications},
    pages={49--80},
    year={2013},
    publisher={World Scientific}
}

@article{lord2010comparison,
    author={Lord, Roger and Koekkoek, Remmert and van Dijk, Dick},
    title = {A comparison of biased simulation schemes for stochastic volatility models},
    journal = {Quantitative Finance},
    volume = {10},
    number = {2},
    series="",
    pages = {177-194},
    year  = {2010},
    publisher = {Routledge}
}


@article{arciniega2003rounding,
    author={Arciniega, Armando and Allen, Edward},
    title = {Rounding Error in Numerical Solution of Stochastic Differential Equations},
    journal = {Stochastic Analysis and Applications},
    volume = {21},
    number = {2},
    pages = {281--300},
    year  = {2003},
    publisher = {{Taylor \& Francis}}
}


@article{heston1993closed,
    title={A closed-form solution for options with stochastic volatility with applications to bond and currency options},
    author={Heston, Steven L.},
    journal={The review of financial studies},
    volume={6},
    number={2},
    pages={327--343},
    year={1993},
    publisher={Oxford University Press}
}

@misc{andersen2007efficient,
    title={Efficient simulation of the {Heston} stochastic volatility model},
    author={Andersen, Leif},
    year={2007},
    month={{January}},
    day=23
}

@misc{zheng2018multi,
    title={Multi-Level {Monte Carlo} Simulation for the {Heston} Stochastic Volatility Model},
    author={Zheng, Chao},
    year={2018},
    month={{June}},
    day=27
}

@article{owen1997scrambled_net_quadrature,
    author = {Art B. Owen},
    journal = {SIAM Journal on Numerical Analysis},
    number = {5},
    pages = {1884--1910},
    publisher = {Society for Industrial and Applied Mathematics},
    title = {Monte Carlo Variance of Scrambled Net Quadrature},
    volume = {34},
    year = {1997}
}

@article{matouvsek1998thel2discrepancy,
    title={On the {$ L_2 $-discrepancy} for anchored boxes},
    author={Matou{\v{s}}ek, Ji{\v{r}}{\'i}},
    journal={Journal of Complexity},
    volume={14},
    number={4},
    pages={527--556},
    year={1998},
    publisher={Elsevier}
}


@article{kocis1997computational,
    title={Computational investigations of low-discrepancy sequences},
    author={Kocis, Ladislav and Whiten, William J.},
    journal={{ACM} Transactions on Mathematical Software (TOMS)},
    volume={23},
    number={2},
    pages={266--294},
    year={1997},
    publisher={{ACM}}
}

@article{gillespie2007stochastic_chemical,
    author={Gillespie, Daniel T.},
    title={Stochastic Simulation of Chemical Kinetics},
    journal={Annual Review of Physical Chemistry},
    volume={58},
    number={1},
    pages={35-55},
    year={2007}
}


@article{cox1985theory,
    title={A theory of the term structure of interest rates},
    author={Cox, John C. and Ingersoll Jr, Jonathan E. and Ross, Stephen A.},
    journal={Econometrica},
    pages={385--408--164},
    year={1985},
    volume=53,
    number=2,
    month={March}
}

@article{heinrich1998monte,
    title={{Monte Carlo} Complexity of Global Solution of Integral Equations},
    author={Heinrich, Stefan},
    journal="Journal of Complexity",
    volume="14",
    number="2",
    pages={151--175},
    year="1998"
}

@article{giles2015multilevel_review, 
    title={Multilevel {Monte Carlo} methods}, 
    volume={24}, 
    journal={Acta Numerica}, 
    publisher={Cambridge University Press}, 
    author={Giles, Michael B.}, 
    year={2015}, 
    pages={259–328}
}

@inproceedings{giles2013multilevel,
    author="Giles, Michael B.",
    title={Multilevel {Monte Carlo} Methods},
    booktitle={{Monte Carlo} and Quasi-{Monte Carlo} Methods 2012},
    year="2013",
    publisher="Springer Berlin Heidelberg",
    pages="83--103"
}

@inproceedings{brugger2014mixed,
    title={Mixed precision multilevel {Monte Carlo} on hybrid computing systems},
    author={Brugger, Christian and de Schryver, Christian and Wehn, Norbert and Omland, Steffen and Hefter, Mario and Ritter, Klaus and Kostiuk, Anton and Korn, Ralf},
    booktitle={2104 {IEEE} Conference on Computational Intelligence for Financial Engineering \& Economics ({CIFEr})},
    pages={215--222},
    year={2014},
    organization={{IEEE}}
}

@misc{omland2016mixed,
    title={Mixed Precision Multilevel {Monte Carlo} Algorithms for Reconfigurable Computing Systems},
    author={Omland, Steffen},
    year={2016},
    month={June},
    day={3}
}

@incollection{omland2015exploiting,
    title={Exploiting mixed-precision arithmetics in a Multilevel {Monte Carlo} Approach on {FPGAs}},
    author={Omland, Steffen and Hefter, Mario and Ritter, Klaus and Brugger, Christian and De Schryver, Christian and Wehn, Norbert and Kostiuk, Anton},
    booktitle={{FPGA} Based Accelerators for Financial Applications},
    pages={191--220},
    year={2015},
    publisher={Springer}
}

@book{lord2014introduction,
    title={An introduction to computational stochastic {PDEs}},
    author={Lord, Gabriel J. and Powell, Catherine E. and Shardlow, Tony},
    number={50},
    year={2014},
    publisher={Cambridge University Press}
}

@inproceedings{burkholder1972integral,
    title={Integral inequalities for convex functions of operators on martingales},
    author={Burkholder, Donald L. and Davis, Burgess J. and Gundy, Richard F.},
    booktitle={Proceedings of the Sixth {Berkeley} Symposium on Mathematical Statistics and Probability},
    volume={2},
    pages={223--240},
    year={1972}
}

@book{dasgupta2011probability,
    title={Probability for statistics and machine learning: fundamentals and advanced topics},
    author={DasGupta, Anirban},
    year={2011},
    publisher={Springer Science \& Business Media}
}

@misc{balachandran2008fundamentals,
    title={Fundamental Inequalities, Convergence and the Optional Stopping Theorem for Continuous-Time Martingales},
    author={Balachandran, Prakash},
    year=2008,
    month={April},
    day=2,
    institution={Duke University}
}

@article{giles2016inverse_poisson,
    title={Algorithm 955: approximation of the inverse {Poisson} cumulative distribution function},
    author={Giles, Michael B.},
    journal={{ACM} Transactions on Mathematical Software ({TOMS})},
    volume={42},
    number={1},
    pages={7},
    year={2016},
    publisher={{ACM}}
}


@inproceedings{langou2006exploiting,
    title={Exploiting the performance of 32 bit floating point arithmetic in obtaining 64 bit accuracy (revisiting iterative refinement for linear systems)},
    author={Langou, Julie and Langou, Julien and Luszczek, Piotr and Kurzak, Jakub and Buttari, Alfredo and Dongarra, Jack},
    booktitle={{SC}'06: Proceedings of the 2006 {{ACM}/{IEEE}} conference on Supercomputing},
    pages={50--50},
    year={2006},
    organization={{IEEE}}
}

@book{hennessy2011computer,
    title={Computer architecture: a quantitative approach},
    author={Hennessy, John L. and Patterson, David A.},
    year={2011},
    publisher={Elsevier}
}

@article{ramshaw1981discrepancy,
    title={On the discrepancy of the sequence formed by the multiples of an irrational number},
    author={Ramshaw, Lyle},
    journal={Journal of Number Theory},
    volume={13},
    number={2},
    pages={138--175},
    year={1981},
    publisher={Elsevier}
}

@incollection{ramamoorthy2008low,
    title={Low-discrepancy curves and efficient coverage of space},
    author={Ramamoorthy, Subramanian and Rajagopal, Ram and Ruan, Qing and Wenzel, Lothar},
    booktitle={Algorithmic Foundation of Robotics VII},
    pages={203--218},
    year={2008},
    publisher={Springer}
}

@misc{iaco2015low,
    title={Low discrepancy sequences: Theory and applications},
    author={Iaco, Maria Rita},
    note={arXiv preprint arXiv:1502.04897},
    year={2015},
    month={February},
    day=17
}

@incollection{goda2016mean,
    title={The mean square {quasi-Monte Carlo} error for digitally shifted digital nets},
    author={Goda, Takashi and Ohori, Ryuichi and Suzuki, Kosuke and Yoshiki, Takehito},
    booktitle={{Monte Carlo} and {Quasi-Monte Carlo} Methods},
    pages={331--350},
    year={2016},
    publisher={Springer}
}

@article{tezuka2011discrepancy,
    title={Discrepancy between {QMC} and {RQMC}, {II}},
    author={Tezuka, Shu},
    journal={Uniform Distribution Theory},
    volume={6},
    number={1},
    pages={57--64},
    year={2011}
}

@misc{overton1996floating,
    title={Floating point representation},
    author={Overton, Michael L.},
    year={1996}
}

@inproceedings{chi2005scrambled,
    title={On the scrambled {Sobol} sequence},
    author={Chi, Hongmei and Beerli, Peter and Evans, Deidre W. and Mascagni, Michael},
    booktitle={International Conference on Computational Science},
    pages={775--782},
    year={2005},
    organization={Springer}
}

@misc{shaw2009differential,
    title={Differential equations for {Monte Carlo} recycling and a {GPU}-optimized Normal quantile},
    author={Shaw, William T. and Brickman, Nick},
    year={2009}
}

@misc{berger2015high,
    title={High Performance Histograms on {SIMT} and {SIMD} Architectures},
    author={Berger, MER},
    year={2015}
}

@inproceedings{dalal2008low,
    title={Low discrepancy sequences for {Monte Carlo} simulations on reconfigurable platforms},
    author={Dalal, Ishaan L. and Stefan, Deian and Harwayne-Gidansky, Jared},
    booktitle={International Conference on Application-Specific Systems, Architectures and Processors, {ASAP} 2008},
    pages={108--113},
    year={2008},
    organization={{IEEE}}
}

@article{higham2002strong,
    title={Strong convergence of {Euler}-type methods for nonlinear stochastic differential equations},
    author={Higham, Desmond J and Mao, Xuerong and Stuart, Andrew M},
    journal={{SIAM} Journal on Numerical Analysis},
    volume={40},
    number={3},
    pages={1041--1063},
    year={2002},
    publisher={{SIAM}}
}

@article{platen1999introduction,
    title={An introduction to numerical methods for stochastic differential equations},
    author={Platen, Eckhard},
    journal={Acta numerica},
    volume={8},
    pages={197--246},
    year={1999},
    publisher={Cambridge University Press}
}

@book{iacus2009simulation,
    title={Simulation and inference for stochastic differential equations: with {R} examples},
    author={Iacus, Stefano M.},
    year={2009},
    publisher={Springer Science \& Business Media}
}

@inproceedings{lee2017vectorized,
    title={Vectorized production path tracing},
    author={Lee, Mark and Green, Brian and Xie, Feng and Tabellion, Eric},
    booktitle={Proceedings of High Performance Graphics},
    pages={10},
    year={2017},
    organization={ACM}
}

@book{dieudonne1969foundations,
    title={Foundations of Modern Analysis},
    author={Dieudonn\'{e}, Jean},
    volume=10,
    edition={Enlarged and corrected printing},
    series={Pure and Applied Mathematics},
    year={1969},
    publisher={Academic press}
}

@misc{holte2009discrete,
    title={Discrete {Gronwall} lemma and applications},
    author={Holte, John M.},
    year=2009,
    month={October},
    day={24}
}

@misc{hunter2014measure,
title={Measure theory},
author={Hunter, John K.},
institution={Department of Mathematics, University of California at Davis},
year=2014
}


@book{klebaner2012introduction,
    title={Introduction to stochastic calculus with applications},
    author={Klebaner, Fima C.},
    year={2012},
    publisher={Imperial college press},
    edition={{3}}
}

@book{platen2010numerical,
    title={Numerical solution of stochastic differential equations with jumps in finance},
    author={Platen, Eckhard and Bruti-Liberati, Nicola},
    year=2010,
    publisher={Springer},
    volume=64,
    series={Stochastic modelling and applied probability}
}

@misc{jahnke2017numerical,
    title={Numerical methods in mathematical finance},
    author={Jahnke, Tobias},
    year={2017},
    month={February},
    day={10},
    institution={Karlsruhe institute of technology}
}

@misc{larsen2000exploiting,
    title={Exploiting superword level parallelism with multimedia instruction sets},
    author={Larsen, Samuel and Amarasinghe, Saman},
    volume={35},
    number={5},
    year={2000},
    publisher={ACM}
}

@book{kloeden1999numerical,
    title={Numerical solution of stochastic differential equations},
    author={Kloeden, Peter E. and Platen, Eckhard},
    series={Stochastic modelling and applied probability},
    volume=23,
    year=1999,
    note={Corrected third printing},
    publisher={Springer}
}
@book{bouleau1994numerical,
    title={Numerical methods for stochastic processes},
    author={Bouleau, Nicolas and Lepingle, Dominique},
    volume={273},
    year={1994},
    publisher={John Wiley \& Sons}
}

@article{higham2001algorithmic,
    title={An algorithmic introduction to numerical simulation of stochastic differential equations},
    author={Higham, Desmond J.},
    journal={{SIAM} review},
    volume={43},
    number={3},
    pages={525--546},
    year={2001},
    publisher={{SIAM}}
}

@inproceedings{pharr2012ispc,
    title={\texttt{ispc}: A {SPMD} compiler for high-performance {CPU} programming},
    author={Pharr, Matt and Mark, William R.},
    booktitle={Innovative Parallel Computing ({InPar}), 2012},
    pages={1--13},
    year={2012},
    organization={{IEEE}}
}

@article{xu2015high,
    title={High-performance financial simulation using randomized quasi-{Monte Carlo} methods},
    author={Xu, Linlin and {\"O}kten, Giray},
    journal={Quantitative Finance},
    volume={15},
    number={8},
    pages={1425--1436},
    year={2015},
    publisher={Taylor \& Francis}
}

@inproceedings{tan1997applications,
    title={Applications of scrambled low discrepancy sequences to exotic options},
    author={Tan, Ken Seng and Boyle, Phelim P.},
    booktitle={International {AFIR} Colloquium Proceedings},
    year={1997}
}

@article{tan2000applications,
    title={Applications of randomized low discrepancy sequences to the valuation of complex securities},
    author={Tan, Ken Seng and Boyle, Phelim P.},
    journal={Journal of Economic Dynamics and Control},
    volume={24},
    number={11-12},
    pages={1747--1782},
    year={2000},
    publisher={Elsevier}
}

@article{struckmeier1995fast,
    title={Fast generation of low-discrepancy sequences},
    author={Struckmeier, Jens},
    journal={Journal of Computational and Applied Mathematics},
    volume={61},
    number={1},
    pages={29--41},
    year={1995},
    publisher={Elsevier}
}

@misc{nag2017mark26,
    title={NAG Library Manual, Mark 26},
    author={{NAG}},
    version={26},
    year=2017
}
    

@article{bratley1988algorithm,
    title={Algorithm 659: Implementing {Sobol's} quasirandom sequence generator},
    author={Bratley, Paul and Fox, Bennett L'},
    journal={{ACM} Transactions on Mathematical Software ({TOMS})},
    volume={14},
    number={1},
    pages={88--100},
    year={1988},
    publisher={{ACM}}
}

@article{bratley1994programs,
    title={Programs to generate {Niederreiter's} low-discrepancy sequences},
    author={Bratley, Paul and Fox, Bennett L. and Niederreiter, Harald},
    journal={{ACM} Transactions on Mathematical Software ({TOMS})},
    volume={20},
    number={4},
    pages={494--495},
    year={1994},
    publisher={{ACM}}
}

@article{fox1986algorithm,
    title={Algorithm 647: Implementation and relative efficiency of quasirandom sequence generators},
    author={Fox, Bennett L.},
    journal={{ACM} Transactions on Mathematical Software ({TOMS})},
    volume={12},
    number={4},
    pages={362--376},
    year={1986},
    publisher={{ACM}}
}

@book{knuth1973searching,
    title={The art of computer programming, searching and sorting},
    author={Knuth, Donald},
    year={1973},
    publisher={{Reading}, {MA}, Addison-Wesley},
    volume=3
}

@book{campbell2003history,
    title={The history of mathematical tables: from {Sumer} to spreadsheets},
    author={Campbell-Kelly, Martin},
    year={2003},
    publisher={Oxford University Press}
}

@misc{briggs1617logarithmorum, 
    author={Briggs, Henry},
    title={Logarithmorum chilias prima},
    publisher={London},
    year={1617}
}
 
@misc{roegel2010reconstruction,
    title={A reconstruction of {Briggs' Logarithmorum} chilias prima (1617)},
    author={Roegel, Denis},
    year={2010}
}

@book{shonkwiler_lefton_2006, 
    title={An Introduction to Parallel and Vector Scientific Computation}, 
    author={Shonkwiler, Ronald W. and Lefton, Lew}, 
    series={Cambridge Texts in Applied Mathematics}, 
    publisher={Cambridge University Press}, 
    year={2006}
}

@misc{moshier1992cephes,
	title={Cephes mathematical library},
	author={Moshier, Stephen L.},
	url={http://www.netlib.org/cephes/},
	year={1992}
}

@misc{galassi2017gsl,
	author={Galassi, Mark and Davies, Jim and Theiler, James and Gough, Brian  and Jungman, Gerard and Alken, Patrick  and Booth, Michael and Rossi, Fabrice  and Ulerich, Rhys},
	title={{GNU} scientific library 2.4},
	year={2017},
	month={June},
	day={{14}}
	
}

@misc{fog2018instruction,
	title={Instruction tables: Lists of instruction latencies, throughputs and micro-operation breakdowns for {Intel}, {AMD} and {VIA} {CPU}s},
	author={Fog, Agner},
	journal={Copenhagen University College of Engineering},
	year={2018},
	notes={Updated {9} {April} 2018}
}

@article{wittmann2015short,
	title={Short note on costs of floating point operations on current x86-64 architectures: Denormals, overflow, underflow, and division by zero},
	author={Wittmann, Markus and Zeiser, Thomas and Hager, Georg and Wellein, Gerhard},
	journal={arXiv preprint arXiv:1506.03997},
	year={2015}
}

@book{press2007numerical,
    title={Numerical recipes in {C}},
    author={Press, William H. and Teukolsky, Saul A. and Vetterling, William T. and Flannery, Brian P.},
    year={2007},
    publisher={Cambridge university press},
    edition={{3}}
}

@article{joy1996quasi,
	title={{Quasi-Monte Carlo} methods in numerical finance},
	author={Joy, Corwin and Boyle, Phelim P. and Tan, Ken Seng},
	journal={Management Science},
	volume={42},
	number={6},
	pages={926--938},
	year={1996},
	publisher={{INFORMS}}
}

@book{seydel2006tools,
	title={Tools for computational finance},
	author={Seydel, R{\"u}diger and Seydel, Rudiger},
	volume={3},
	year={2006},
	publisher={Springer}
}

@article{knuth1974structured,
	title={Structured Programming with goto Statements},
	author={Knuth, Donald E.},
	journal={{ACM} Computing Surveys ({CSUR})},
	volume={6},
	number={4},
	pages={261--301},
	year={1974},
	publisher={{ACM}}
}

@mastersthesis{foik2015energy,
	title={Energy Efficient True Random Number Generator},
	author={Foik, Conrad Georg},
	year={2015},
	school={{NTNU}}
}


@article{giles2018random,
    title={Random Bit Quadrature and Approximation of Distributions on {Hilbert} Spaces},
    author={Giles, Michael B. and Hefter, Mario and Mayer, Lukas and Ritter, Klaus},
    journal={Foundations of Computational Mathematics},
    pages={1--34},
    year={2018},
    publisher={Springer}
}

@article{giles2008multilevel,
	title={Multilevel {Monte Carlo} path simulation},
	author={Giles, Michael B.},
	journal={Operations Research},
	volume={56},
	number={3},
	pages={607--617},
	year={2008},
	publisher={{INFORMS}}
}

@book{tucker2011validated,
	title={Validated numerics: a short introduction to rigorous computations},
	author={Tucker, Warwick},
	year={2011},
	publisher={Princeton University Press}
}

@article{flynn1966very,
	title={Very high-speed computing systems},
	author={Flynn, Michael J.},
	journal={Proceedings of the {{IEEE}}},
	volume={54},
	number={12},
	pages={1901--1909},
	year={1966},
	publisher={{{IEEE}}}
}

@book{vanderpas2017using,
	title={Using {OpenMP} --- The Next Step: Affinity, Accelerators, Tasking, and {{SIMD}}},
	author={van der Pas, Ruud and Stotzer, Eric and Terboven, Christian},
	year={2017},
	publisher={MIT Press}
}

@misc{sabahi2012guide_to_vectorisation,
	title={A guide to vectorization with {Intel} {C++} compilers},
	author={Sabahi, Mark and others},
	year=2017,
	month={April},
	day=27,
	institution={{Intel}}	
}

@misc{douglas2017rise_of_parallelism,
	title={Vectorization: the rise of parallelism},
	author={Douglas, Rohan and Elliot, Jamie},
	institution={{Quantifi}},
	year={2017},
	month={June},
	day=15
}		

@inproceedings{klemm2012extending,
	title={Extending {OpenMP} with vector constructs for modern multicore {{SIMD}} architectures},
	author={Klemm, Michael and Duran, Alejandro and Tian, Xinmin and Saito, Hideki and Caballero, Diego and Martorell, Xavier},
	booktitle={International Workshop on {OpenMP}},
	pages={59--72},
	year={2012},
	organization={Springer}
}

@article{goldberg1991every,
	title={What every computer scientist should know about floating-point arithmetic},
	author={Goldberg, David},
	journal={ACM Computing Surveys ({CSUR})},
	volume={23},
	number={1},
	pages={5--48},
	year={1991},
	publisher={{ACM}}
}

@misc{drepper2007every,
	title={What every programmer should know about memory},
	author={Drepper, Ulrich},
	institution={Red Hat, {Inc}},
	year={2007},
	month={November},
	day=21
}

@misc{levinthal2008performance_analysis,
	title={{Performance analysis guide for Intel Core i7 processor and Intel Xeon 5500 processors}},
	author={Levinthal, David},
	year=2008,
	institution={Intel}
	}

@book{garside1980architecture,
	title={The architecture of digital computers},
	author={Garside, Roger Graham},
	year={1980},
	publisher={Oxford University Press, Inc.}
}

@book{loshin1994high,
	title={High Performance Computing Demystified},
	author={Loshin, David},
	year={1994},
	publisher={Academic Press}
}

@misc{eltablawy2017capabilities_of_intel,
	title={Capabilities of {Intel} {AVX-512} and {Intel Xeon} scalable processors},
	author={Eltablawy, Alaa and Vladimirov, Andrey},
	year=2017,
	month={September},
	day=29,
	institution={Colfax International}
	}

@misc{haase2014alignment,
	author={Haase, Sven-Hendrik},
	title={Alignment in {C}},
	year=2014,
	month={January},
	day={{9}},
	institution={Universit\"{a}t Hamburg}
	}

@book{tezuka1995uniform,
	title={Uniform random numbers: Theory and practice},
	author={Tezuka, Shu},
	year={1995},
	series={Discrete event dynamic systems},
	publisher={Kluwer}
}

@book{hansen1969topics,
	title={Topics in interval analysis},
	author={Hansen, Eldon and others},
	volume={1968},
	year={1969},
	publisher={Clarendon Press Oxford}
}


@book{gentle2005random,
	title={Random number generation and {Monte Carlo} methods},
	author={Gentle, James E.},
	series={Statistics and Computing},
	edition={{{2}}},
	year={2005},
	publisher={Springer Science \& Business Media}
}

@book{hastings1955approximations,
	title={Approximations for digital computers},
	author={Hastings Jr, Cecil and Wayward, Jeanne T. and Wong Jr, James P.},
	year={1955},
	publisher={Princeton University Press}
}

@book{loshin2001efficient,
	title={Efficient memory programming},
	author={Loshin, David},
	year={2001},
	publisher={McGraw-Hill, Inc.}
}

@article{cody1969rational,
	title={Rational {Chebyshev} approximations for the error function},
	author={Cody, William J.},
	journal={Mathematics of Computation},
	volume={23},
	number={107},
	pages={631--637},
	year={1969}
}

@article{jeong2012performance,
	title={Performance of {SSE} and {AVX} instruction sets},
	author={Jeong, Hwancheol and Kim, Sunghoon and Lee, Weonjong and Myung, Seok-Ho},
	journal={arXiv preprint arXiv:1211.0820},
	year={2012}
}

@inproceedings{mitra2013use,
	title={Use of {{SIMD}} vector operations to accelerate application code performance on low-powered {ARM} and {Intel} platforms},
	author={Mitra, Gaurav and Johnston, Beau and Rendell, Alistair P and McCreath, Eric and Zhou, Jun},
	booktitle={Parallel and Distributed Processing Symposium Workshops \& PhD Forum ({IPDPSW}), 2013 {{IEEE}} 27th International},
	pages={1107--1116},
	year={2013},
	organization={{IEEE}}
}

% Robert E Odeh
@article{evans1974algorithm70,
	author = {Odeh, R.E. and Evans, J.O.},  
	journal = {Journal of the Royal Statistical Society. Series C (Applied Statistics)},
	number = {1},
	pages = {96-97},
	publisher = {[Wiley, Royal Statistical Society]},
	title = {Algorithm {AS} 70: The Percentage Points of the Normal Distribution},
	volume = {23},
	year = {1974}
}

@book{glasserman2013monte,
	title={{Monte Carlo} methods in financial engineering},
	author={Glasserman, Paul},
	volume={53},
	year={2013},
	series={Stochastic Modelling and Applied Probability},
	publisher={Springer Science \& Business Media},
	edition={{1}}
}

@misc{acklam2015algorithm,
	title={An algorithm for computing the inverse normal cumulative distribution function},
	author={Acklam, Peter J.},
	year=2015,
	month={October},
	day=30,
	url={https://web.archive.org/web/20151030212308/http://home.online.no/~pjacklam/notes/invnorm/index.html},
	notes={[Online resource]}
}

@article{beasley1985percentage,
	title={Algorithm {AS} 111: The Percentage Points of the Normal Distribution},
	author={Beasley, J.D. and Springer, S.G.},
	journal = {Journal of the Royal Statistical Society. Series C (Applied Statistics)},
	volume = "26",
	number = "1",
	pages = "118--121",
	month = {March},
	year = 1977
}

@article{brophy1985approximation,
	title={Approximation of the inverse normal distribution function},
	author={Brophy, Alfred L.},
	journal={Behavior Research Methods},
	volume={17},
	number={3},
	pages={415--417},
	year={1985},
	publisher={Springer}
}

@article{paoloni2010benchmark,
	title={How to benchmark code execution times on {Intel} {IA-32} and {IA-64} instruction set architectures},
	author={Paoloni, Gabriele},
	journal={Intel White Paper},
    url={https://www.intel.com/content/dam/www/public/us/en/documents/white-papers/ia-32-ia-64-benchmark-code-execution-paper.pdf},
	year={2010}
}

@book{oliveira2006writing,
	title={Writing Scientific Software: a guide to good style},
	author={Oliveira, Suely and Stewart, David},
	year={2006},
	publisher={Cambridge University Press}
}

@article{williams2009roofline,
	title={Roofline: an insightful visual performance model for floating-point programs and multicore architectures},
	author={Williams, Samuel and Waterman, Andrew and Patterson, David},
	journal={Communications of the ACM},
	volume={52},
	number={4},
	pages={65--76},
	year={2009},
	publisher={ACM}
}

@misc{fasselt2014restrict,
	title={Restrict, static, \& inline keywords in {C}},
	author={Fasselt, Markus},
	year=2014,
	month={March},
    day=27,
	institution={Universit\"{a}t Hamburg}
}

@article{lecuyer1999good,
	title={Good parameters and implementations for combined multiple recursive random number generators},
	author={L'ecuyer, Pierre},
	journal={Operations Research},
	volume={47},
	number={1},
	pages={159--164},
	year={1999},
	publisher={INFORMS}
}

@article{matsumoto1998mersenne,
	title={Mersenne twister: a 623-dimensionally equidistributed uniform pseudo-random number generator},
	author={Matsumoto, Makoto and Nishimura, Takuji},
	journal={ACM Transactions on Modeling and Computer Simulation (TOMACS)},
	volume={8},
	number={1},
	pages={3--30},
	year={1998},
	publisher={ACM}
}

@article{moro1995full,
	title={The full Monte},
	author={Moro, Boris},
	journal={Risk},
	volume={8},
	number={2},
	pages={57--58},
	year={1995}
}

@article{wichura1988algorithm,
	title={Algorithm {AS} 241: The percentage points of the normal distribution},
	author={Wichura, Michael J.},
	journal={Journal of the Royal Statistical Society. Series C (Applied Statistics)},
	volume={37},
	number={3},
	pages={477--484},
	year={1988},
	month={April},
	publisher={JSTOR}
}

@misc{fomitchev2016short_float,
	title={Adding fundamental type for short float},
	author={Fomitchev, Boris and Nikolaev, Sergei and Giroux, Olivier and Crowl, Lawrence},
	year={2016},
	month={February},
	day=14
}

@article{voutier2010quantile,
	title={A new approximation to the normal distribution quantile function},
	author={Voutier, Paul M.},
	journal={arXiv preprint arXiv:1002.0567},
	year={2010},
	month={February},
	day=3
}

@article{white1970tables,
	title={Tables of normal percentile points},
	author={White, John S.},
	journal={Journal of the American Statistical Association},
	volume={65},
	number={330},
	pages={635--638},
	year={1970},
	publisher={Taylor \& Francis Group}
}

@article{gander1985halley,
	title={On {Halley's} iteration method},
	author={Gander, Walter},
	journal={The American Mathematical Monthly},
	volume={92},
	number={2},
	pages={131--134},
	year={1985},
	publisher={JSTOR}
}

@article{wynn1966convergence,
	title={On the convergence and stability of the epsilon algorithm},
	author={Wynn, Peter},
	journal={{SIAM} Journal on Numerical Analysis},
	volume={3},
	number={1},
	pages={91--122},
	year={1966},
	publisher={{SIAM}}
}

@article{marsaglia1994rapid,
	title={Rapid evaluation of the inverse of the normal distribution function},
	author={Marsaglia, George and Zaman, Arif and Marsaglia, John C.W.},
	journal={Statistics \& Probability Letters},
	volume={19},
	number={4},
	pages={259--266},
	year={1994},
	month={March},
	day={{15}},
	publisher={Elsevier}
}

@phdthesis{jones2010optimising,
	title={Optimising Cache Use: {\texttt{malloc()}} Revisited},
	author={Jones, Samuel},
	year={2010},
	month={May},
	school={University of Bath},
	institution={University of Bath},
	type={Dissertation}
}
	
@article{moore1998cramming,
	title={Cramming more components onto integrated circuits},
	author={Moore, Gordon E.},
	journal={Proceedings of the {{IEEE}}},
	volume={86},
	number={1},
	pages={82--85},
	year={1998},
	publisher={{IEEE}}
}
	
@article{sobol1976uniformly,
	title={Uniformly distributed sequences with an additional uniform property},
	author={Sobol, Ilya M.},
	journal={USSR Computational Mathematics and Mathematical Physics},
	volume={16},
	number={5},
	pages={236--242},
	year={1976},
	publisher={Elsevier}
}

@article{ilic2014cache,
	title={Cache-aware roofline model: Upgrading the loft},
	author={Ilic, Aleksandar and Pratas, Frederico and Sousa, Leonel},
	journal={{{IEEE}} Computer Architecture Letters},
	volume={13},
	number={1},
	pages={21--24},
	year={2014},
	publisher={{IEEE}}
}

@article{stephens2017arm,
	title={The {ARM} Scalable Vector Extension},
	author={Stephens, Nigel and Biles, Stuart and Boettcher, Matthias and Eapen, Jacob and Eyole, Mbou and Gabrielli, Giacomo and Horsnell, Matt and Magklis, Grigorios and Martinez, Alejandro and Premillieu, Nathanael and Reid, Alastair and Rico, Alejandro and Walker, Paul},
	journal={{{IEEE}} Micro},
	volume={37},
	number={2},
	pages={26--39},
	year={2017},
	publisher={{{IEEE}}}
}

@inproceedings{musa2008effects,
	title={Effects of {MSHR} and prefetch mechanisms on an on-chip cache of the vector architecture},
	author={Musa, Akihoro and Sato, Yoshiei and Soga, Takashi and Egawa, Ryusuke and Takizawa, Hiroyuki and Okabe, Koki and Kobayashi, Hiroaki},
	booktitle={Parallel and Distributed Processing with Applications, 2008. {ISPA}'08. International Symposium on},
	pages={335--342},
	year={2008},
	organization={{{IEEE}}}
}


@incollection{giles2011approximating,
	title={Approximating the {\texttt{erfinv}} function},
    author={Giles, Mike},
    booktitle={{GPU} Computing Gems, {Jade} Edition},
    pages={109--116},
    year={2011},
    volume=2,
    publisher={Elsevier}
}

@misc{petrogalli2016sneak_peak,
	title={A sneak peek into {SVE} and {VLA} programming},
	author={Petrogalli, Francesco},
	year=2016,
	month={November},
	institution={\arm},
	company={\arm},
	notes={[White paper]}
	}
